39900000         2675833630001789999999999          00009900000000000990EMPRESABOA                    SANTANDER                     NEXXERA   107062017095759000000102001600                                                                    
39900011C2007010 2675833630001789999999999          00009900000000000990EMPRESABOA                                                            Avenida Brasil                59                  Caçador             89506523SC                  
3990001300001A00000039900001900000000001090FORNECEDOR 1                  1111111111          15042022BRL000000000000000000000000300000                    00000000000000000000000                                                    0          
3990001300002A00070039900002900000000002090FORNECEDOR 2                  2222222222          15042022BRL000000000000000000000004550000                    00000000000000000000000                                                    0          
3990001300003A00001839900003900000000003090FORNECEDOR 3                  3333333333          15042022BRL000000000000000000000010010010                    00000000000000000000000                                                    0          
39900015         000005000000000003050060000000000000000000000000                                                                                                                                                                               
39900011C2008010 2675833630001789999999999          00009900000000000990EMPRESABOA                                                            Avenida Brasil                59                  Caçador             89506523SC                  
3990001300001A00000039900001900000000001090FORNECEDOR 4                  4444444444          23062000BRL000000000000000000000000000005                    00000000000000000000000                                                    0          
3990001300002A00070039900002900000000002090FORNECEDOR 5                  5555555555          23062000BRL000000000000000000010000000000                    00000000000000000000000                                                    0          
3990001300003A00001839900003900000000003090FORNECEDOR 6                  6666666666          23062000BRL000000000000000000000000000500                    00000000000000000000000                                                    0          
39900015         000005000000000003050060000000000000000000000000                                                                                                                                                                               
39999999         000001000007000000                                                                                                                                                                                                             
